<?xml version="1.0" encoding="UTF-8"?><collection xmlns="http://www.loc.gov/MARC21/slim"><record><leader>00564nam--2200193-i-4500</leader><controlfield tag="001">000049942</controlfield><controlfield tag="002">20161230</controlfield><controlfield tag="005">20161230201047</controlfield><controlfield tag="008">060222s1000------------r-----000-0-eng-d</controlfield><datafield ind1=" " ind2=" " tag="040"><subfield code="a">IFIN-HH</subfield></datafield><datafield ind1=" " ind2=" " tag="080"><subfield code="a">537.6(061.3)</subfield></datafield><datafield ind1="1" ind2=" " tag="100"><subfield code="a">Givord,D</subfield></datafield><datafield ind1="1" ind2="0" tag="245"><subfield code="a">Proceedings of the international conference on magnetism july 25-29 paris france</subfield><subfield code="c">D. givord (ed.)</subfield></datafield><datafield ind1=" " ind2=" " tag="260"><subfield code="a">Paris</subfield><subfield code="b">Les Editions De Physique</subfield><subfield code="c">1988</subfield></datafield><datafield ind1=" " ind2=" " tag="300"><subfield code="a">3 PARTS</subfield></datafield><datafield ind1=" " ind2=" " tag="490"><subfield code="a">Journal De Physique</subfield></datafield><datafield ind1=" " ind2=" " tag="787"><subfield code="a">Part Iii</subfield><subfield code="h">/1614p./2288p</subfield></datafield><datafield ind1=" " ind2=" " tag="852"><subfield code="a">79415</subfield><subfield code="c">537:538</subfield></datafield><datafield ind1=" " ind2=" " tag="CAT"><subfield code="a">Sys</subfield><subfield code="c">20110630</subfield><subfield code="h">163428</subfield></datafield></record></collection>